<collection xmlns="http://www.loc.gov/MARC21/slim">
<record>
  <leader>00259na 0a22000851i 450 </leader>
  <controlfield tag="001">IT\ICCU\CNCE\048574</controlfield>
  <controlfield tag="005">19991025000000.0</controlfield>
  <datafield tag="100" ind1=" " ind2=" ">
    <subfield code="a">19990427             0itac0103    ba</subfield>
  </datafield>
  <datafield tag="200" ind1="1" ind2=" ">
    <subfield code="a">℗La ℗vida de Lazarillo de Tormes y de sus fortunas y adversidades</subfield>
  </datafield>
  <datafield tag="801" ind1=" " ind2="3">
    <subfield code="a">IT</subfield>
    <subfield code="b">ICCU</subfield>
    <subfield code="c">20201115</subfield>
  </datafield>
</record>
</collection>
